{
  "leader": "02093cam a22003131i 4500",
  "fields": [
    {
      "001": "ocm04973326\\"
    },
    {
      "003": "OCoLC"
    },
    {
      "005": "20220708142348.0"
    },
    {
      "008": "790517s1937\\\\\\\\pauacf\\\\\\\\\\\\\\\\000\\0beng\\\\"
    },
    {
      "010": {
        "ind1": "\\",
        "ind2": "\\",
        "subfields": [
          {
            "a": "   37021772 "
          }
        ]
      }
    },
    {
      "040": {
        "ind1": "\\",
        "ind2": "\\",
        "subfields": [
          {
            "a": "DLC"
          },
          {
            "b": "eng"
          },
          {
            "c": "TXA"
          },
          {
            "d": "DLC"
          },
          {
            "d": "OCLCQ"
          },
          {
            "d": "OCLCG"
          },
          {
            "d": "DEBSZ"
          },
          {
            "d": "OCLCA"
          },
          {
            "d": "OCLCQ"
          },
          {
            "d": "OCLCF"
          },
          {
            "d": "OCLCA"
          },
          {
            "d": "TUU"
          },
          {
            "d": "OCLCO"
          }
        ]
      }
    },
    {
      "035": {
        "ind1": "\\",
        "ind2": "\\",
        "subfields": [
          {
            "a": "(OCoLC)4973326"
          }
        ]
      }
    },
    {
      "050": {
        "ind1": "0",
        "ind2": "0",
        "subfields": [
          {
            "a": "CT275.R75"
          },
          {
            "b": "W47"
          }
        ]
      }
    },
    {
      "082": {
        "ind1": "0",
        "ind2": "0",
        "subfields": [
          {
            "a": "338.76223382092"
          },
          {
            "b": "WIN"
          }
        ]
      }
    },
    {
      "100": {
        "ind1": "1",
        "ind2": "\\",
        "subfields": [
          {
            "a": "Winkelman, Barnie F.,"
          },
          {
            "d": "1894-"
          }
        ]
      }
    },
    {
      "245": {
        "ind1": "1",
        "ind2": "0",
        "subfields": [
          {
            "a": "John D. Rockefeller;"
          },
          {
            "b": "the authentic and dramatic story of the world's greatest money maker and money giver,"
          },
          {
            "c": "by B.F. Winkelman."
          }
        ]
      }
    },
    {
      "260": {
        "ind1": "\\",
        "ind2": "\\",
        "subfields": [
          {
            "a": "Philadelphia,"
          },
          {
            "b": "Universal Book and Bible House"
          },
          {
            "c": "[\u00a91937]"
          }
        ]
      }
    },
    {
      "300": {
        "ind1": "\\",
        "ind2": "\\",
        "subfields": [
          {
            "a": "viii, 310 pages"
          },
          {
            "b": "frontispiece, illustrations, plates, portraits"
          },
          {
            "c": "23 cm"
          }
        ]
      }
    },
    {
      "336": {
        "ind1": "\\",
        "ind2": "\\",
        "subfields": [
          {
            "a": "text"
          },
          {
            "b": "txt"
          },
          {
            "2": "rdacontent"
          }
        ]
      }
    },
    {
      "337": {
        "ind1": "\\",
        "ind2": "\\",
        "subfields": [
          {
            "a": "unmediated"
          },
          {
            "b": "n"
          },
          {
            "2": "rdamedia"
          }
        ]
      }
    },
    {
      "338": {
        "ind1": "\\",
        "ind2": "\\",
        "subfields": [
          {
            "a": "volume"
          },
          {
            "b": "nc"
          },
          {
            "2": "rdacarrier"
          }
        ]
      }
    },
    {
      "505": {
        "ind1": "0",
        "ind2": "\\",
        "subfields": [
          {
            "a": "John D. Rockefeller loses a wager, but wins his greatest battle -- The restless Rockefellers -- An industrialist grows up -- A business career begins -- The kingdom of petrolia -- War in the oil fields -- Portrait of a young monopolist -- John D. offers the olive branch -- The old guard surrenders -- \"Oil for the lamps of China\" -- Strange by-products of Petroleum -- The octopus of oil -- Rockefeller in retirement -- An enemy of the people -- The Supreme Court speaks -- Dissolving the trust -- A new conception of giving is created -- The war years -- Rockefeller battles a legend and a tradition -- \"Neighbor John\" -- Rockefeller's recipe for riches -- The last year -- The future of Standard Oil and the Rockefeller fortune -- A re\u0301sume\u0301  and an appraisal."
          }
        ]
      }
    },
    {
      "600": {
        "ind1": "1",
        "ind2": "0",
        "subfields": [
          {
            "a": "Rockefeller, John D."
          },
          {
            "q": "(John Davison),"
          },
          {
            "d": "1839-1937."
          }
        ]
      }
    },
    {
      "600": {
        "ind1": "1",
        "ind2": "7",
        "subfields": [
          {
            "a": "Rockefeller, John D."
          },
          {
            "q": "(John Davison),"
          },
          {
            "d": "1839-1937."
          },
          {
            "2": "fast"
          },
          {
            "0": "(OCoLC)fst00041401"
          }
        ]
      }
    },
    {
      "776": {
        "ind1": "0",
        "ind2": "8",
        "subfields": [
          {
            "i": "Online version:"
          },
          {
            "a": "Winkelman, Barnie F., 1894-"
          },
          {
            "t": "John D. Rockefeller."
          },
          {
            "d": "Philadelphia, Universal Book and Bible House [\u00a91937]"
          },
          {
            "w": "(OCoLC)988151221"
          }
        ]
      }
    },
    {
      "994": {
        "ind1": "\\",
        "ind2": "\\",
        "subfields": [
          {
            "a": "Z0"
          },
          {
            "b": "NYRVC"
          }
        ]
      }
    },
    {
      "948": {
        "ind1": "\\",
        "ind2": "\\",
        "subfields": [
          {
            "h": "NO HOLDINGS IN NYRVC - 62 OTHER HOLDINGS"
          }
        ]
      }
    },
    {
      "999": {
        "ind1": "\\",
        "ind2": "\\",
        "subfields": [
          {
            "a": "00000000016038"
          },
          {
            "b": "Copy 1"
          }
        ]
      }
    },
    {
      "999": {
        "ind1": "\\",
        "ind2": "\\",
        "subfields": [
          {
            "a": "no barcode"
          },
          {
            "b": "Copy 2"
          }
        ]
      }
    }
  ]
}